<?xml version="1.0" encoding="UTF-8"?><collection xmlns="http://www.loc.gov/MARC21/slim"><record><leader>00676nam--2200181-i-4500</leader><controlfield tag="001">000044108</controlfield><controlfield tag="002">20161230</controlfield><controlfield tag="005">20161230201044</controlfield><controlfield tag="008">060222s1000------------r-----000-0-eng-d</controlfield><datafield ind1=" " ind2=" " tag="040"><subfield code="a">IFIN-HH</subfield></datafield><datafield ind1=" " ind2=" " tag="080"><subfield code="a">801.323.9+800.935.62:51(038):531(038):52(038)</subfield></datafield><datafield ind1="1" ind2=" " tag="100"><subfield code="a">Gheorghita, Stefan</subfield></datafield><datafield ind1="1" ind2="0" tag="245"><subfield code="a">Dictionar poliglot de matematica, mecanica si astronomie - engleza - romana - germana - franceza - rusa</subfield><subfield code="b">Coordonator acad.prof. nicolae teodorescu</subfield><subfield code="c">Stefan gheorghita, ieronim mihaila, eliferie rogai, avram marcovici</subfield></datafield><datafield ind1=" " ind2=" " tag="260"><subfield code="a">Bucuresti</subfield><subfield code="b">Editura Tehnica</subfield><subfield code="c">1978</subfield></datafield><datafield ind1=" " ind2=" " tag="300"><subfield code="a">XVI + 664P</subfield></datafield><datafield ind1="1" ind2=" " tag="700"><subfield code="a">Marcovici, Avram</subfield></datafield><datafield ind1=" " ind2=" " tag="852"><subfield code="a">D.528</subfield><subfield code="c">SLG</subfield></datafield><datafield ind1=" " ind2=" " tag="CAT"><subfield code="a">Sys</subfield><subfield code="c">20130211</subfield><subfield code="h">174216</subfield></datafield></record></collection>